<?xml version="1.0" encoding="utf-8"?>
<record xmlns="http://www.loc.gov/MARC21/slim" xmlns:xsi="http://www.w3.org/2001/XMLSchema-instance" xsi:schemaLocation="http://www.loc.gov/MARC21/slim http://www.loc.gov/standards/marcxml/schema/MARC21slim.xsd">
	<leader>     nam a22     Mi 4500</leader>
	<controlfield tag="001">b13196005</controlfield>
	<controlfield tag="003">UaCaAUL</controlfield>
	<controlfield tag="006">m        d        </controlfield>
	<controlfield tag="007">cr cn |||m|||a</controlfield>
	<controlfield tag="008">191028m19061907ua      od    000 0 ara  </controlfield>
	<datafield ind1=" " ind2=" " tag="040">
		<subfield code="a">ZYU</subfield>
		<subfield code="b">ara</subfield>
		<subfield code="e">rda</subfield>
		<subfield code="c">ZYU</subfield>
	</datafield>
	<datafield ind1=" " ind2="4" tag="050">
		<subfield code="a">G93</subfield>
		<subfield code="b">.Y192 1906</subfield>
	</datafield>
	<datafield ind1="0" ind2=" " tag="050">
		<subfield code="a">G93</subfield>
		<subfield code="b">.Y195</subfield>
	</datafield>
	<datafield ind1="0" ind2=" " tag="100">
		<subfield code="6">880-01</subfield>
		<subfield code="a">Yāqūt ibn ʻAbd Allāh al-Ḥamawī,</subfield>
		<subfield code="d">1179?-1229.</subfield>
	</datafield>
	<datafield ind1="1" ind2="0" tag="240">
		<subfield code="6">880-02</subfield>
		<subfield code="a">Muʻjam al-buldān</subfield>
	</datafield>
	<datafield ind1="1" ind2="0" tag="245">
		<subfield code="6">880-03</subfield>
		<subfield code="a">Kitāb muʻjam al-buldān /</subfield>
		<subfield code="c">taʼlīf al-Shaykh al-Imām Shihāb al-Dīn Abī ʻAbd Allāh Yāqūt ibn ʻAbd Allāh al-Ḥamawī al-Rūmī al-Baghdādī, al-mutawaffá sanat 626 Hijrīyah raḥimahu Allāh raḥmatan wāsiʻah ; ʻuniya bi-taṣḥīḥihi wa-tartīb waḍʻihi wa-kitābat al-mustadrik ʻalayhi Muḥammad Amīn al-Khānjī al-Kutubī bi-qirāʼatihi ʻalá al-ustādh al-adīb al-naḥawī al-rāwīyah (al-Shaykh Aḥmad ibn al-Amīn al-Shinqīṭī) nazīl al-Qāhirah ḥafiẓahu Allāh.</subfield>
	</datafield>
	<datafield ind1=" " ind2=" " tag="250">
		<subfield code="6">880-04</subfield>
		<subfield code="a">al-Ṭabʻah al-ūlá.</subfield>
	</datafield>
	<datafield ind1=" " ind2="1" tag="264">
		<subfield code="6">880-05</subfield>
		<subfield code="a">Miṣr :</subfield>
		<subfield code="b">ṭubiʻ bi-Maṭbaʻat al-Saʻādah bi-jiwār Muḥāfaẓat Miṣr,</subfield>
		<subfield code="c">1323 H, 1906 M-1325 H, 1907 M.</subfield>
	</datafield>
	<datafield ind1=" " ind2=" " tag="300">
		<subfield code="a">online resource (10 volumes)</subfield>
	</datafield>
	<datafield ind1=" " ind2=" " tag="336">
		<subfield code="a">text</subfield>
		<subfield code="2">rdacontent</subfield>
	</datafield>
	<datafield ind1=" " ind2=" " tag="337">
		<subfield code="a">computer</subfield>
		<subfield code="2">rdamedia</subfield>
	</datafield>
	<datafield ind1=" " ind2=" " tag="338">
		<subfield code="a">online resource</subfield>
		<subfield code="2">rdacarrier</subfield>
	</datafield>
	<datafield ind1=" " ind2=" " tag="500">
		<subfield code="a">This edition issued also &quot;10 volumes in 5&quot;.</subfield>
	</datafield>
	<datafield ind1=" " ind2=" " tag="500">
		<subfield code="a">Part of the Arabic Collections Online (ACO) project, contributed by American University in Cairo Library.</subfield>
	</datafield>
	<datafield ind1="2" ind2=" " tag="505">
		<subfield code="6">880-06</subfield>
		<subfield code="a">al-Mujallad al-tāsiʻ wa-al-ʻāshir: Kitāb manjam al-ʻumrān fī al-mustadrak ʻalá Muʻjam al-Buldān, jammaʻahu wa-rattabahu Muḥammad Amīn al-Khānjī.</subfield>
	</datafield>
	<datafield ind1=" " ind2=" " tag="500">
		<subfield code="6">880-07</subfield>
		<subfield code="a">Ikhtitām sanat 1323 Hijrīyah, wa-iftitāḥ sanat 1906 M.</subfield>
	</datafield>
	<datafield ind1=" " ind2=" " tag="500">
		<subfield code="6">880-08</subfield>
		<subfield code="a">ʻAlá nafaqat Aḥmad Nājī al-Jammālī, wa-Muḥammad Amīn al-Khānjī wa-akhīhi, wa-Mawlawī ʻAbd Allāh Jītīkar, wa-Sayyid Mūsá Sharīf.</subfield>
	</datafield>
	<datafield ind1=" " ind2=" " tag="500">
		<subfield code="6">880-09</subfield>
		<subfield code="a">Ḥuqūq iʻādat ṭabʻihi maʻa al-mustadrak ʻalayhi al-musammá (Manjam al-ʻumrān) fī al-mustadrak ʻalá (Muʻjam al-buldān) maḥfūẓah li-Muḥammad Amīn al-Khānjī faqaṭ.</subfield>
	</datafield>
	<datafield ind1=" " ind2=" " tag="533">
		<subfield code="a">Electronic reproduction.</subfield>
		<subfield code="b">New York, N.Y. :</subfield>
		<subfield code="c">New York University,</subfield>
		<subfield code="d">2019.</subfield>
		<subfield code="5">NNU</subfield>
	</datafield>
	<datafield ind1=" " ind2="0" tag="650">
		<subfield code="a">Geography</subfield>
		<subfield code="v">Dictionaries</subfield>
		<subfield code="x">Arabic.</subfield>
	</datafield>
	<datafield ind1=" " ind2="0" tag="650">
		<subfield code="a">Geography</subfield>
		<subfield code="v">Dictionaries</subfield>
		<subfield code="x">Arabic</subfield>
		<subfield code="v">Early works to 1800.</subfield>
	</datafield>
	<datafield ind1=" " ind2="0" tag="650">
		<subfield code="a">Geography, Medieval.</subfield>
	</datafield>
	<datafield ind1=" " ind2="7" tag="650">
		<subfield code="a">Geography.</subfield>
		<subfield code="2">fast</subfield>
		<subfield code="0">(OCoLC)fst00940469</subfield>
	</datafield>
	<datafield ind1=" " ind2="7" tag="650">
		<subfield code="a">Geography, Medieval.</subfield>
		<subfield code="2">fast</subfield>
		<subfield code="0">(OCoLC)fst00940573</subfield>
	</datafield>
	<datafield ind1=" " ind2="7" tag="655">
		<subfield code="a">Early works.</subfield>
		<subfield code="2">fast</subfield>
		<subfield code="0">(OCoLC)fst01411636</subfield>
	</datafield>
	<datafield ind1=" " ind2="7" tag="655">
		<subfield code="a">Dictionaries.</subfield>
		<subfield code="2">fast</subfield>
		<subfield code="0">(OCoLC)fst01423826</subfield>
	</datafield>
	<datafield ind1="1" ind2="2" tag="700">
		<subfield code="6">880-10</subfield>
		<subfield code="a">Khānjī, Muḥammad Amīn,</subfield>
		<subfield code="d">1865 or 1866-1939 or 1940.</subfield>
		<subfield code="t">Manjam al-ʻumrān min al-mustadrak ʻalá Muʻjam al-buldān .</subfield>
	</datafield>
	<datafield ind1="2" ind2=" " tag="710">
		<subfield code="a">American University in Cairo.</subfield>
		<subfield code="b">Library.</subfield>
	</datafield>
	<datafield ind1="0" ind2=" " tag="730">
		<subfield code="a">Arabic Collections Online.</subfield>
	</datafield>
	<datafield ind1="0" ind2="8" tag="776">
		<subfield code="i">Print version:</subfield>
		<subfield code="a">Yāqūt ibn ʻAbd Allāh al-Ḥamawī, 1179?-1229.</subfield>
		<subfield code="t">Kitāb muʻjam al-buldān</subfield>
		<subfield code="w">(UaCaAUL)b13196005</subfield>
		<subfield code="w">(DLC)ne 61000186 </subfield>
		<subfield code="w">(OCoLC)862568810</subfield>
	</datafield>
	<datafield ind1="4" ind2="0" tag="856">
		<subfield code="u">http://hdl.handle.net/2333.1/4j0zpn2z</subfield>
	</datafield>
	<datafield ind1="0" ind2=" " tag="880">
		<subfield code="6">100-01</subfield>
		<subfield code="a">ياقوت بن عبد الله الحموي،</subfield>
		<subfield code="d">1179؟-1229.</subfield>
	</datafield>
	<datafield ind1="1" ind2="0" tag="880">
		<subfield code="6">240-02</subfield>
		<subfield code="a">معجم البلدان</subfield>
	</datafield>
	<datafield ind1="1" ind2="0" tag="880">
		<subfield code="6">245-03</subfield>
		<subfield code="a">كتاب معجم البلدان /</subfield>
		<subfield code="c">تأليف الشيخ الامام شهاب الدين أبي عبد الله ياقوت بن عبد الله الحموي الرومي البغدادي، المتوفى سنة 626 هجرية رحمه الله رحمة واسعة ؛ عني بتصحيحه وترتيب وضعه وكتابة المستدرك عليه محمد أمين الخانجي الكتبي بقرائته على الأستاذ الأديب النحوي الراوية (الشيخ أحمد بن الأمين الشنقيطي) نزيل القاهرة حفظه الله.</subfield>
	</datafield>
	<datafield ind1=" " ind2=" " tag="880">
		<subfield code="6">250-04</subfield>
		<subfield code="a">الطبعة الأولى.</subfield>
	</datafield>
	<datafield ind1=" " ind2="1" tag="880">
		<subfield code="6">264-05</subfield>
		<subfield code="a">مصر :</subfield>
		<subfield code="b">طبع بمطبعة السعادة بجوار محافظة مصر،</subfield>
		<subfield code="c">1323 ه، 1906 م-1325 ه، 1907 م.</subfield>
	</datafield>
	<datafield ind1="2" ind2=" " tag="880">
		<subfield code="6">505-06</subfield>
		<subfield code="a">المجلد التاسع والعاشر: كتاب منجم العمران في المستدرك على معجم البلدان، جمعه ورتبه محمد أمين الخانجي.</subfield>
	</datafield>
	<datafield ind1=" " ind2=" " tag="880">
		<subfield code="6">500-07</subfield>
		<subfield code="a">اختتام سنة 1323 هجرية، وافتتاح سنة 1906 م.</subfield>
	</datafield>
	<datafield ind1=" " ind2=" " tag="880">
		<subfield code="6">500-08</subfield>
		<subfield code="a">على نفقة أحمد ناجي الجمالي، ومحمد أمين الخانجي واخيه، ومولوي عبد الله جيتيكر، وسيد موسى شريف.</subfield>
	</datafield>
	<datafield ind1=" " ind2=" " tag="880">
		<subfield code="6">500-09</subfield>
		<subfield code="a">حقوق اعادة طبعه مع المستدرك عليه المسمى (منجم العمران) في المستدرك على (معجم البلدان) محفوظة لمحمد أمين الخانجي فقط.</subfield>
	</datafield>
	<datafield ind1="1" ind2="2" tag="880">
		<subfield code="6">700-10</subfield>
		<subfield code="a">خانجي، محمد أمين،</subfield>
		<subfield code="d">1865 أو 1866-1939 أو 1940.</subfield>
		<subfield code="t">منجم العمران من المستدرك على معجم البلدان .</subfield>
	</datafield>
	<datafield ind1=" " ind2=" " tag="959">
		<subfield code="a">NNU</subfield>
		<subfield code="b">WEB</subfield>
		<subfield code="c">GENI</subfield>
		<subfield code="t">0</subfield>
		<subfield code="m">Electronic access</subfield>
		<subfield code="s">01</subfield>
	</datafield>
	<datafield ind1=" " ind2=" " tag="999">
		<subfield code="i">UaCaAUL_b13196005</subfield>
		<subfield code="o">(OCoLC)ocn862568810</subfield>
		<subfield code="s">auc_aco000664:v.7</subfield>
		<subfield code="s">auc_aco000643:v.4</subfield>
		<subfield code="s">auc_aco000616:v.1</subfield>
		<subfield code="s">auc_aco000665:v.8</subfield>
		<subfield code="s">auc_aco000617:v.2</subfield>
		<subfield code="s">auc_aco000644:v.5</subfield>
		<subfield code="s">auc_aco000645:v.6</subfield>
		<subfield code="s">auc_aco000618:v.3</subfield>
		<subfield code="s">auc_aco000666:v.9</subfield>
		<subfield code="s">auc_aco000667:v.10</subfield>
		<subfield code="s">auc_aco000664:v.7</subfield>
		<subfield code="s">auc_aco000643:v.4</subfield>
		<subfield code="s">auc_aco000616:v.1</subfield>
		<subfield code="s">auc_aco000665:v.8</subfield>
		<subfield code="s">auc_aco000617:v.2</subfield>
		<subfield code="s">auc_aco000644:v.5</subfield>
		<subfield code="s">auc_aco000645:v.6</subfield>
		<subfield code="s">auc_aco000618:v.3</subfield>
		<subfield code="s">auc_aco000666:v.9</subfield>
		<subfield code="s">auc_aco000667:v.10</subfield>
	</datafield>
</record>
